@misc{avaloq,
    key = "Avaloq",
    title = "Avaloq",
    howpublished = "\url{https://avaloq.com/}"
}

@misc{bitcoin,
    key = "Bitcoin",
    title = "Bitcoin",
    howpublished = "\url{https://bitcoin.org/en/}"
}

@misc{blockchain,
    key = "Blockchain",
    title = "Blockchain",
    howpublished = "\url{https://en.wikipedia.org/wiki/Blockchain}"
}

@techreport{merkletree,
    title = "Merkle Signature Schemes, Merkle Trees and Their Cryptanalysis",
    author = "Georg Becker",
    institution = "Ruhr-Universit√§t Bochum",
    year = "2008",
    page = "16",
    file = "\url{http://www.emsec.rub.de/media/crypto/attachments/files/2011/04/becker_1.pdf}",
}

@misc{rust,
    key = "Rust",
    title = "Rust",
    howpublished = "\url{https://rust-lang.org}"
}
